<?xml version="1.0" encoding="UTF-8"?><collection xmlns="http://www.loc.gov/MARC21/slim"><record><leader>00498nam--2200181-i-4500</leader><controlfield tag="001">000032182</controlfield><controlfield tag="002">20161230</controlfield><controlfield tag="005">20161230201039</controlfield><controlfield tag="008">060222s1000------------r-----000-0-eng-d</controlfield><datafield ind1=" " ind2=" " tag="040"><subfield code="a">IFIN-HH</subfield></datafield><datafield ind1=" " ind2=" " tag="080"><subfield code="a">536</subfield></datafield><datafield ind1="1" ind2=" " tag="110"><subfield code="a">Asm Handbook Committee</subfield></datafield><datafield ind1="1" ind2="0" tag="245"><subfield code="a">Metals handbook</subfield><subfield code="b">Vol. 2 heat treting, cleaning and finishing</subfield></datafield><datafield ind1=" " ind2=" " tag="250"><subfield code="a">8th Edition</subfield></datafield><datafield ind1=" " ind2=" " tag="260"><subfield code="a">Ohio, Metals Park</subfield><subfield code="b">American Society For Metals</subfield><subfield code="c">1964</subfield></datafield><datafield ind1=" " ind2=" " tag="300"><subfield code="a">XV + 708 P</subfield></datafield><datafield ind1=" " ind2=" " tag="852"><subfield code="a">23794</subfield><subfield code="c">536</subfield></datafield><datafield ind1=" " ind2=" " tag="CAT"><subfield code="a">Sys</subfield><subfield code="c">20110506</subfield><subfield code="h">100251</subfield></datafield></record></collection>